@incollection{Berrar2019,
  doi = {10.1016/b978-0-12-809633-8.20349-x},
  url = {https://doi.org/10.1016/b978-0-12-809633-8.20349-x},
  year = {2019},
  publisher = {Elsevier},
  pages = {542--545},
  author = {Daniel Berrar},
  title = {Cross-Validation},
  booktitle = {Encyclopedia of Bioinformatics and Computational Biology}
}
@article{Schaffer1993,
  doi = {10.1007/bf00993106},
  url = {https://doi.org/10.1007/bf00993106},
  year = {1993},
  month = oct,
  publisher = {Springer Science and Business Media {LLC}},
  volume = {13},
  number = {1},
  pages = {135--143},
  author = {Cullen Schaffer},
  title = {Selecting a classification method by cross-validation},
  journal = {Machine Learning}
}
@article{beery2019efficient,
  title={Efficient Pipeline for Camera Trap Image Review},
  author={Beery, Sara and Morris, Dan and Yang, Siyu},
  journal={arXiv preprint arXiv:1907.06772},
  year={2019}
}
@article{Fennell2022,
  doi = {10.1016/j.gecco.2022.e02104},
  url = {https://doi.org/10.1016/j.gecco.2022.e02104},
  year = {2022},
  month = jun,
  publisher = {Elsevier {BV}},
  volume = {35},
  pages = {e02104},
  author = {Mitchell Fennell and Christopher Beirne and A. Cole Burton},
  title = {Use of object detection in camera trap image identification: Assessing a method to rapidly and accurately classify human and animal detections for research and application in recreation ecology},
  journal = {Global Ecology and Conservation}
}